@misc{petrosyan_2023_topic,
  author = {Petrosyan, Ani},
  month = {04},
  title = {Topic: Internet usage worldwide},
  url = {https://www.statista.com/topics/1145/internet-usage-worldwide/#topicOverview},
  urldate = {2023-10-11},
  year = {2023},
  organization = {Statista}
}

@misc{ruby_2022_67,
  author = {Ruby, Daniel},
  month = {11},
  title = {67+ Fake News Statistics For 2022 (Research & Data)},
  url = {https://www.demandsage.com/fake-news-statistics/},
  urldate = {2023-10-11},
  year = {2022},
  organization = {demandsage}
}